<?xml version="1.0" encoding="UTF-8"?><collection><record><leader>05468ntm a2200493 a 4500</leader><controlfield tag="001">006079754</controlfield><controlfield tag="003">MiAaHDL</controlfield><controlfield tag="005">20190719000000.0</controlfield><controlfield tag="006">m        d        </controlfield><controlfield tag="007">cr bn ---auaua</controlfield><controlfield tag="008">090413s16uu    xx            00| ||ara d</controlfield><datafield tag="035" ind1=" " ind2=" "><subfield code="a">(MiU)006079754</subfield></datafield><datafield tag="035" ind1=" " ind2=" "><subfield code="a">sdr-miu006079754</subfield></datafield><datafield tag="040" ind1=" " ind2=" "><subfield code="a">MiU</subfield><subfield code="c">MiU</subfield><subfield code="e">amremm</subfield></datafield><datafield tag="043" ind1=" " ind2=" "><subfield code="a">n-us-mi</subfield></datafield><datafield tag="245" ind1="0" ind2="0"><subfield code="6">880-03</subfield><subfield code="a">Nuzhat al-abṣār wa-rabīʻ al-akhyār,</subfield><subfield code="f">[17th century?].</subfield></datafield><datafield tag="246" ind1="3" ind2=" "><subfield code="i">Edge title:</subfield><subfield code="a">جلد الاول من نزهة الابصار</subfield></datafield><datafield tag="246" ind1="3" ind2=" "><subfield code="i">Title from inscription on 'title page' (p.7):</subfield><subfield code="a">كتاب نزهة الابصار وربيع الاخيار في الفقه الحنفي</subfield></datafield><datafield tag="260" ind1=" " ind2=" "><subfield code="c">[16--?]</subfield></datafield><datafield tag="300" ind1=" " ind2=" "><subfield code="a">266 leaves :</subfield><subfield code="b">paper ;</subfield><subfield code="c">299 x 195 (215 x 135) mm. bound to 299 x 203 mm.</subfield></datafield><datafield tag="500" ind1=" " ind2=" "><subfield code="a">Shelfmark: Ann Arbor, University of Michigan, Special Collections Library, Isl. Ms. 65</subfield></datafield><datafield tag="500" ind1=" " ind2=" "><subfield code="a">Origin: Lacks dated colophon ; paper suggests 17th century. Dated ownership statement on 'title page' (p.7) provides a terminus ante quem of 1694.</subfield></datafield><datafield tag="500" ind1=" " ind2=" "><subfield code="a">Former shelfmark: British Museum, London "No. 59. Nuzhat al-absar."</subfield></datafield><datafield tag="500" ind1=" " ind2=" "><subfield code="a">Binding: Pasteboards covered in red-brown leather ; Type II binding (with flap, though now missing) ; doublures in red-brown leather ; upper and lower covers carry blind-stamped scalloped mandorla, pendants and corner pieces filled with assymetrical vegetal composition, along with gold-painted accents and stamped and gold-painted roll border framed by tooled fillets ; sewn in pink thread, two stations ; endbands virtually gone ; in poor condition with much abrasion, moisture damage, lifting and losses of leather, delamination of boards, loss of fore-edge and envelope flap, etc.</subfield></datafield><datafield tag="500" ind1=" " ind2=" "><subfield code="a">Support: European laid paper with 8-9 laid lines per cm. (horizontal) and chain lines spaced 28-30 mm. apart (vertical) ; anchor in circle (trefoil above) watermark (compare Heawood 4).</subfield></datafield><datafield tag="500" ind1=" " ind2=" "><subfield code="a">Decoration: Keywords, section headings, and abbreviation symbols ('two teeth stroke' logograph) rubricated and occasionally in yellow or orange ink ; textual dividers in the form of inverted commas, discs, etc. and overlining in red ink.</subfield></datafield><datafield tag="500" ind1=" " ind2=" "><subfield code="a">Script: Naskh ; several hands, Syrian, Turkish and Persianate, all mainly sans serif.</subfield></datafield><datafield tag="500" ind1=" " ind2=" "><subfield code="a">Layout: Written in 23 lines per page ; frame-ruled (impression of ruling board evident).</subfield></datafield><datafield tag="500" ind1=" " ind2=" "><subfield code="a">Collation: iii, III+5 (11), VI (23), 5 V(73), 3 III(91), V (101), V+2 (113), IV+1 (122), 3 V(152), IV (160), V+2 (172), V+1 (183), V (193), IV+2 (203), V+2 (215), VII (229), III (235), VI (247), IV (255), V+1 (266) ; mixed assortment of quires, perhaps what happened to be on hand ; p.150 left blank and marked "بياض صحيح" ; p.364 left blank and unmarked ; p.398 left partly blank ; catchwords present ; foliation in red ink, Hindu-Arabic numerals ; pagination in pencil, Western numerals (supplied during digitization, includes flyleaves).</subfield></datafield><datafield tag="500" ind1=" " ind2=" "><subfield code="a">Explicit: "كتاب الدعوي في شرح الهداية الدعوي مطالبة حق من حقوق العباد عند القاضي والمدعي من لا يجبر علي الخصومة اذا تركها والمدعي عليه بخلاف ذلك في الدرر"</subfield></datafield><datafield tag="500" ind1=" " ind2=" "><subfield code="a">Incipit: "الحمد لله الذي فضلنا على كثير من عباده المؤمنين وهدانا بنور العلم والمعرفة الى محبة الحق واليقين ... وبعد فلما كان علم الفقه احق ما يصدق اليه عنان الهمم واولي ان يحرك له القلم ... قصدت ان اؤلف فيه كتابا جامعا للمهمات حاويا في كل باب مسائل الواقعات وغرائب الروايات ... واوردت عند كل مسئلة اسم الكتب التي نقلت عنها ... ناويا ان اسميه عند تفضل الله على اتمامه وبالخير واليمن اختتامه بنزهة الابصار وربيع الاخيار باب فضائل العلم وادابه وسننه ..."</subfield></datafield><datafield tag="500" ind1=" " ind2=" "><subfield code="a">Title from opening on p.8.</subfield></datafield><datafield tag="500" ind1=" " ind2=" "><subfield code="a">Ms. codex.</subfield></datafield><datafield tag="520" ind1="8" ind2=" "><subfield code="a">Clear copy of the first volume of an anonymous work of Ḥanafī fiqh ending abruptly in Kitāb al-daʻwá. Partial table of contents provided prior to opening (p.6).</subfield></datafield><datafield tag="538" ind1=" " ind2=" "><subfield code="a">Mode of access: Internet.</subfield></datafield><datafield tag="541" ind1=" " ind2=" "><subfield code="c">Purchase ;</subfield><subfield code="a">Acquired by purchase along with Abdul Hamid Collection (funds donated by Horace Rackham).</subfield><subfield code="d">1924.</subfield></datafield><datafield tag="546" ind1=" " ind2=" "><subfield code="a">Arabic.</subfield></datafield><datafield tag="561" ind1=" " ind2=" "><subfield code="a">Bookplate of British Museum, London on upper cover, "British Museum, London. No. 59. Nuzhat al-absar." ; circular seal impression with figure of goat/gazelle in purple ink as well as inscription "14" in Western numerals on front flyleaf (p.1) ; a few ownership statements on 'title page' (p.7) including statement with book price "تملكه الحقير الفقير علي بن احمد في جمادى الاولى سنة ۱۱۰٥ غروش ٥" and "من تملكات شيخ زاده" ; notabilia (side-heads) throughout ; collation marks "بلغ" and three dots appear throughout.</subfield></datafield><datafield tag="650" ind1=" " ind2="0"><subfield code="a">Manuscripts, Arabic</subfield><subfield code="z">Michigan</subfield><subfield code="z">Ann Arbor.</subfield></datafield><datafield tag="650" ind1=" " ind2="0"><subfield code="a">Hanafites</subfield><subfield code="v">Early works to 1800.</subfield></datafield><datafield tag="650" ind1=" " ind2="0"><subfield code="a">Islamic law</subfield><subfield code="v">Early works to 1800.</subfield></datafield><datafield tag="650" ind1=" " ind2="0"><subfield code="a">Islamic law</subfield><subfield code="v">Sources</subfield><subfield code="v">Early works to 1800.</subfield></datafield><datafield tag="773" ind1="0" ind2=" "><subfield code="a">Tiflis Collection.</subfield></datafield><datafield tag="880" ind1="0" ind2="0"><subfield code="6">245-03/</subfield><subfield code="a">نزهة الابصار وربيع الاخيار,</subfield><subfield code="f">القرن 17م؟].</subfield></datafield><datafield tag="CID" ind1=" " ind2=" "><subfield code="a">006079754</subfield></datafield><datafield tag="DAT" ind1="0" ind2=" "><subfield code="a">20190719102634.0</subfield><subfield code="b">20190719000000.0</subfield></datafield><datafield tag="DAT" ind1="1" ind2=" "><subfield code="a">20190719090653.0</subfield><subfield code="b">2019-07-19T16:11:13Z</subfield></datafield><datafield tag="DAT" ind1="2" ind2=" "><subfield code="a">2015-10-10T18:00:06Z</subfield></datafield><datafield tag="CAT" ind1=" " ind2=" "><subfield code="a">SDR-MIU</subfield><subfield code="d">EX LIBRIS - ALEPH</subfield><subfield code="l">prepare.pl-004-008</subfield></datafield><datafield tag="FMT" ind1=" " ind2=" "><subfield code="a">BK</subfield></datafield><datafield tag="HOL" ind1=" " ind2=" "><subfield code="0">sdr-miu006079754</subfield><subfield code="a">MiU</subfield><subfield code="b">SDR</subfield><subfield code="c">MIU</subfield><subfield code="p">mdp.39015079125046</subfield><subfield code="s">MIU</subfield><subfield code="1">006079754</subfield></datafield><datafield tag="974" ind1=" " ind2=" "><subfield code="b">MIU</subfield><subfield code="c">MIU</subfield><subfield code="d">20190719</subfield><subfield code="s">lit-dlps-dc</subfield><subfield code="u">mdp.39015079125046</subfield><subfield code="y">1699</subfield><subfield code="r">pd</subfield><subfield code="q">bib</subfield><subfield code="t">non-US bib date1 &lt; 1896</subfield></datafield></record></collection>